<record xmlns='http://www.loc.gov/MARC21/slim'><leader>00994cam a2200301 i 4500</leader><controlfield tag='001'>1234567</controlfield><controlfield tag='005'>20150901105659.0</controlfield><controlfield tag='008'>760831s1976    nyu           000 0aeng  </controlfield><datafield ind1=' ' ind2=' ' tag='010'><subfield code='a'>   76042228 //r982 </subfield></datafield><datafield ind1=' ' ind2=' ' tag='019'><subfield code='a'>4044515</subfield></datafield><datafield ind1=' ' ind2=' ' tag='020'><subfield code='a'>0374312567</subfield></datafield><datafield ind1=' ' ind2=' ' tag='035'><subfield code='a'>(OCoLC)ocm02439517</subfield></datafield><datafield ind1=' ' ind2=' ' tag='035'><subfield code='9'>CDM6467TS</subfield></datafield><datafield ind1=' ' ind2=' ' tag='040'><subfield code='a'>DLC</subfield><subfield code='c'>DLC</subfield><subfield code='d'>PUL</subfield></datafield><datafield ind1='0' ind2='0' tag='050'><subfield code='a'>PR6017.S5</subfield><subfield code='b'>Z498</subfield></datafield><datafield ind1=' ' ind2=' ' tag='051'><subfield code='a'>PR6017.S5</subfield><subfield code='b'>Z498 Copy 2</subfield><subfield code='c'>Copy 2.</subfield></datafield><datafield ind1=' ' ind2=' ' tag='051'><subfield code='a'>PR6017.S5</subfield><subfield code='b'>Z498 Copy 4</subfield><subfield code='c'>Copy 4. Signed by the author. In dust jacket. Bequest of Aaron Copland, fall 1989.</subfield></datafield><datafield ind1='0' ind2='0' tag='082'><subfield code='a'>823/.9/12</subfield><subfield code='a'>B</subfield></datafield><datafield ind1='1' ind2=' ' tag='100'><subfield code='a'>Isherwood, Christopher,</subfield><subfield code='d'>1904-1986.</subfield></datafield><datafield ind1='1' ind2='0' tag='245'><subfield code='a'>Christopher and his kind, 1929-1939 /</subfield><subfield code='c'>Christopher Isherwood.</subfield></datafield><datafield ind1=' ' ind2=' ' tag='250'><subfield code='a'>1st ed.</subfield></datafield><datafield ind1=' ' ind2=' ' tag='260'><subfield code='a'>New York :</subfield><subfield code='b'>Farrar, Straus Giroux,</subfield><subfield code='c'>1976.</subfield></datafield><datafield ind1=' ' ind2=' ' tag='300'><subfield code='a'>339 p. ;</subfield><subfield code='c'>22 cm.</subfield></datafield><datafield ind1='1' ind2='0' tag='600'><subfield code='a'>Isherwood, Christopher,</subfield><subfield code='d'>1904-1986.</subfield></datafield><datafield ind1=' ' ind2='0' tag='650'><subfield code='a'>Authors, English</subfield><subfield code='y'>20th century</subfield><subfield code='v'>Biography.</subfield></datafield><datafield ind1='1' ind2=' ' tag='700'><subfield code='a'>Copland, Aaron,</subfield><subfield code='d'>1900-1990</subfield><subfield code='e'>donor.</subfield></datafield><datafield ind1=' ' ind2=' ' tag='947'><subfield code='a'>CDM6467</subfield></datafield><datafield ind1=' ' ind2=' ' tag='911'><subfield code='a'>19990626</subfield></datafield><datafield ind1='0' ind2='0' tag='852'><subfield code='0'>1412398</subfield><subfield code='b'>f</subfield><subfield code='t'>0</subfield><subfield code='h'>PR6017.S5</subfield><subfield code='i'>Z498</subfield></datafield><datafield ind1='0' ind2=' ' tag='852'><subfield code='0'>5434239</subfield><subfield code='b'>f</subfield><subfield code='t'>2</subfield><subfield code='h'>PR6017.S5</subfield><subfield code='i'>Z498</subfield><subfield code='x'>1977 printing</subfield></datafield><datafield ind1=' ' ind2=' ' tag='959'><subfield code='a'>2000-06-13 00:00:00 -0500</subfield></datafield></record>